@article{genderdatingpreferences,
    title = {\href{https://faculty.chicagobooth.edu/emir.kamenica/documents/genderDifferences.pdf}{Gender differences in mate selection: Evidence from a speed dating experiment}},
    author={Fisman and Iyengar and Kamenica and Simonson},
    url={https://faculty.chicagobooth.edu/emir.kamenica/documents/genderDifferences.pdf},
    year={2006},
    journal={Quarterly Journal of Economics}
}

@manual{ibmcrt,
    title = {\href{https://www.ibm.com/support/knowledgecenter/en/SS3RA7_15.0.0/com.ibm.spss.modeler.help/cartnode_general.htm}{SPSS Online Documentation - C\&R Tree Node}},
    url = {https://www.ibm.com/support/knowledgecenter/en/SS3RA7_15.0.0/com.ibm.spss.modeler.help/cartnode_general.htm},
    organization = {IBM}
}

@manual{ibmchaid,
    title = {\href{https://www.ibm.com/support/knowledgecenter/en/SS3RA7_15.0.0/com.ibm.spss.modeler.help/chaidnode_general.htm}{SPSS Online Documentation - CHAID Node}},
    url = {https://www.ibm.com/support/knowledgecenter/en/SS3RA7_15.0.0/com.ibm.spss.modeler.help/chaidnode_general.htm},
    organization = {IBM}
}

@manual{ibmc50,
    title = {\href{https://www.ibm.com/support/knowledgecenter/en/SS3RA7_15.0.0/com.ibm.spss.modeler.help/c50node_general.htm}{SPSS Online Documentation - C5.0 Node}},
    url = {https://www.ibm.com/support/knowledgecenter/en/SS3RA7_15.0.0/com.ibm.spss.modeler.help/c50node_general.htm},
    organization = {IBM}
}

@manual{ibmnn,
    title = {\href{https://www.ibm.com/support/knowledgecenter/en/SS3RA7_15.0.0/com.ibm.spss.modeler.help/trainnetnode_general.htm}{SPSS Online Documentation - Neural Network Node}},
    url = https://www.ibm.com/support/knowledgecenter/en/SS3RA7_15.0.0/com.ibm.spss.modeler.help/trainnetnode_general.htm},
    organization = {IBM}
}